<record><leader>00000cas a22000007a 4500</leader><controlfield tag="001">10896948</controlfield><controlfield tag="008">840628d18231827mauir ne      0    0eng d</controlfield><datafield ind1=" " ind2=" " tag="010"><subfield code="a">sn 84024519 </subfield></datafield><datafield ind1=" " ind2=" " tag="040"><subfield code="a">AQM</subfield><subfield code="b">eng</subfield><subfield code="c">AQM</subfield><subfield code="d">OCLCG</subfield><subfield code="d">KRTAS</subfield><subfield code="d">YUS</subfield><subfield code="d">UKMGB</subfield><subfield code="d">OCLCQ</subfield><subfield code="d">OCLCF</subfield><subfield code="d">OCLCO</subfield></datafield><datafield ind1="7" ind2=" " tag="016"><subfield code="a">013917568</subfield><subfield code="2">Uk</subfield></datafield><datafield ind1="1" ind2=" " tag="029"><subfield code="a">AU@</subfield><subfield code="b">000025831975</subfield></datafield><datafield ind1=" " ind2=" " tag="042"><subfield code="a">msc</subfield></datafield><datafield ind1=" " ind2=" " tag="043"><subfield code="a">n-us-ma</subfield></datafield><datafield ind1="0" ind2="0" tag="050"><subfield code="a">Newspaper 8176</subfield></datafield><datafield ind1="0" ind2="0" tag="245"><subfield code="a">American statesman &amp; city register.</subfield></datafield><datafield ind1="3" ind2="0" tag="246"><subfield code="a">American statesman and city register</subfield></datafield><datafield ind1=" " ind2=" " tag="260"><subfield code="a">Boston, Mass. :</subfield><subfield code="b">True and Greene,</subfield><subfield code="c">1823-1827.</subfield></datafield><datafield ind1=" " ind2=" " tag="300"><subfield code="a">5 v. ;</subfield><subfield code="c">55 cm.</subfield></datafield><datafield ind1=" " ind2=" " tag="310"><subfield code="a">Triweekly,</subfield><subfield code="b">Aug. 12, 1824-Nov. 17, 1827</subfield></datafield><datafield ind1=" " ind2=" " tag="321"><subfield code="a">Semiweekly,</subfield><subfield code="b">July 24, 1823-Aug. 9, 1824</subfield></datafield><datafield ind1="0" ind2=" " tag="362"><subfield code="a">Vol. 3, no. 50 (July 24, 1823)-v. 7, no. 116 (Nov. 17, 1827).</subfield></datafield><datafield ind1=" " ind2=" " tag="500"><subfield code="a">Published as: American statesman and city register, Oct. 26. 1824-Nov. 17, 1827.</subfield></datafield><datafield ind1=" " ind2=" " tag="500"><subfield code="a">Publisher: Nathaniel Greene, 1827.</subfield></datafield><datafield ind1=" " ind2=" " tag="500"><subfield code="a">"Republican."</subfield></datafield><datafield ind1=" " ind2=" " tag="500"><subfield code="a">Editors: N. Greene, &lt;1826-1827&gt;; F.S. Hill, &lt;1827&gt;.</subfield></datafield><datafield ind1=" " ind2=" " tag="580"><subfield code="a">Daily ed.: Boston daily American statesman.</subfield></datafield><datafield ind1=" " ind2=" " tag="580"><subfield code="a">Weekly ed.: Saturday evening statesman, 1827.</subfield></datafield><datafield ind1=" " ind2="0" tag="651"><subfield code="a">Boston (Mass.)</subfield><subfield code="v">Newspapers.</subfield></datafield><datafield ind1=" " ind2="7" tag="655"><subfield code="a">Newspapers.</subfield><subfield code="2">rbgenr</subfield></datafield><datafield ind1=" " ind2="7" tag="655"><subfield code="a">Newspapers.</subfield><subfield code="2">fast</subfield><subfield code="0">(OCoLC)fst01423814</subfield></datafield><datafield ind1=" " ind2="7" tag="651"><subfield code="a">Massachusetts</subfield><subfield code="z">Boston.</subfield><subfield code="2">fast</subfield><subfield code="0">(OCoLC)fst01205012</subfield></datafield><datafield ind1="1" ind2=" " tag="700"><subfield code="a">Greene, Nathaniel,</subfield><subfield code="d">1797-1877.</subfield></datafield><datafield ind1="1" ind2=" " tag="700"><subfield code="a">Hill, F. S.</subfield><subfield code="q">(Frederic Stanhope),</subfield><subfield code="d">1805-1851.</subfield></datafield><datafield ind1=" " ind2=" " tag="752"><subfield code="a">United States</subfield><subfield code="b">Massachusetts</subfield><subfield code="c">Suffolk</subfield><subfield code="d">Boston.</subfield></datafield><datafield ind1="1" ind2=" " tag="775"><subfield code="t">Boston daily American statesman</subfield><subfield code="w">(DLC)sn 84023557</subfield></datafield><datafield ind1="1" ind2=" " tag="775"><subfield code="t">Saturday evening statesman</subfield><subfield code="w">(DLC)sn 84023558</subfield></datafield><datafield ind1="0" ind2="0" tag="780"><subfield code="t">American statesman and evening advertiser</subfield><subfield code="w">(DLC)sn 84023552</subfield><subfield code="w">(OCoLC)10896854</subfield></datafield><datafield ind1="0" ind2="0" tag="785"><subfield code="t">Boston statesman (Boston, Mass. : Triweekly)</subfield><subfield code="w">(DLC)sn 84023560</subfield><subfield code="w">(OCoLC)10897024</subfield></datafield><datafield ind1=" " ind2=" " tag="938"><subfield code="a">Kirtas Technologies, Inc.</subfield><subfield code="b">KRTS</subfield><subfield code="n">738578</subfield></datafield></record>